01REMESSA01COBRANCA       11110011112728      DIAGNOSTIC                    004B. DO NORDESTE 070317000                                                                                                                                                                                                                                                                                                   000001
1                1111001111272800    00000000000000000000000080000008600000000000000000000000000000        401000000000031031700000000300000000000 04N070317001200000000000000000000000000000000000000000000000000000000000207284856000185LABORATORIO CEPAC                       RUA HELDER FEITOSA 46 COLIBRIS                      TAUA           CETESTE                                   990000002
9                                                                                                                                                                                                                                                                                                                                                                                                         000003
