01REMESSA01COBRANCA       11110011117777      DIAGNOSTIC                    004B. DO NORDESTE 250617000                                                                                                                                                                                                                                                                                                   000001
1                1111001111777700    00000000000000000000000390000039400000000000000000000000000000        409000000000027061700000000000000000000 01N250617000000000000000000000000000000000000000000000000000000000000000207663941000154MUNICIPIO DE ITAREMA                    PC NOSSA SENHORA DE FATIMA SN CENTRO                ITAREMA        CETESTE                                   990000002
9                                                                                                                                                                                                                                                                                                                                                                                                         000003
