01REMESSA01COBRANCA       01820001588428      DIAGNOSTIC                    004B. DO NORDESTE 090317000                                                                                                                                                                                                                                                                                                   000001
1                0182000158842800    00000000000000000000000080000016000000000000000000000000000000        101000000000019031700000001507180000000 06N090317001200000000000000000000000000000000000000000000000000000000000201277211000139LABORATORIO DR SAMUEL                   RUA CONEGO MOURAO 85 CENTRO                         JAGUARIBE      CETESTE                                   990000002
9                                                                                                                                                                                                                                                                                                                                                                                                         000003
