01REMESSA01COBRANCA       01820001588428      DIAGNOSTIC                    004B. DO NORDESTE 020417000                                                                                                                                                                                                                                                                                                   000001
1                0182000158842800    00000000000000000000000020000059400000000000000000000000000000        401000000000026041700000000345580000000 01N020417000800000000000000000000000000000000000000000000000000000000000204885197001388HOSPITAL DA MULHER                      AVENIDA LINEU MACHADO 155 J?QUEI CLUBE              FORTALEZA      CETEST                                    990000002
9                                                                                                                                                                                                                                                                                                                                                                                                         000003
