01REMESSA01COBRANCA       01820001588428      DIAGNOSTIC                    004B. DO NORDESTE 090317000                                                                                                                                                                                                                                                                                                   000001
1                0182000158842800    00000000000000000000000040000013500000000000000000000000000000        101000000000021031700000000949030000000 04S090317000500000000000000000000000000000000000000000000000000000000000207954571003553HOSPITAL SAO JOSE DE DOEN?AS INFECCIOSASRUA NESTOR BARBOSA 315 AMADEU FURTADO               1               TESTE                                   990000002
9                                                                                                                                                                                                                                                                                                                                                                                                         000003
