01REMESSA01COBRANCA       01820001588428      DIAGNOSTIC                    004B. DO NORDESTE 090317000                                                                                                                                                                                                                                                                                                   000001
1                0182000158842800    00000000000000000000000050000014300000000000000000000000000000        501000000000014031700000000852720000000 02N090317001200000000000000000000000000000000000000000000000000000000000207284856000185LABORATORIO CEPAC                       RUA HELDER FEITOSA 46 COLIBRIS                      TAUA           CETESTE                                   990000002
9                                                                                                                                                                                                                                                                                                                                                                                                         000003
