01REMESSA01COBRANCA       00      DIAGNOSTIC                    004B. DO NORDESTE 260617000                                                                                                                                                                                                                                                                                                   000001
1                0000    00000000000000000000000490000049400000000000000000000000000000        409000000000026081700000001000000000000 01N260617000000000000000000000000000000000000000000000000000000000000000200000000000000                                                                                                                                                   990000002
9                                                                                                                                                                                                                                                                                                                                                                                                         000003
