01REMESSA01COBRANCA       11110011112728      DIAGNOSTIC                    004B. DO NORDESTE 070317000                                                                                                                                                                                                                                                                                                   000001
1                1111001111272800    00000000000000000000000050000005100000000000000000000000000000        401000000000015031700000000406560000000 01S070317001500000000000000000000000000000000000000000000000000000000000207954571002239HOSPITAL DR CARLOS ALBERTO STUDART GOMESAV FREI CIRILO 3480 MESSEJANA                       4FORTALEZA      CETESTE                                   990000002
9                                                                                                                                                                                                                                                                                                                                                                                                         000003
