01REMESSA01COBRANCA       11110011112728      DIAGNOSTIC                    004B. DO NORDESTE 070317000                                                                                                                                                                                                                                                                                                   000001
1                1111001111272800    00000000000000000000000090000009400000000000000000000000000000        401000000000020031700000000606940000000 01N070317000800000000000000000000000000000000000000000000000000000000000201277211000139LABORATORIO DR SAMUEL                   RUA CONEGO MOURAO 85 CENTRO                         JAGUARIBE      CETESTE                                   990000002
9                                                                                                                                                                                                                                                                                                                                                                                                         000003
