01REMESSA01COBRANCA       01820001588428      DIAGNOSTIC                    004B. DO NORDESTE 090317000                                                                                                                                                                                                                                                                                                   000001
1                0182000158842800    00000000000000000000000020000011900000000000000000000000000000        501000000000028031700000003242230000000 04N090317000000000000000000000000000000000000000000000000000000000000000204885197001388HOSPITAL DA MULHER                      AVENIDA LINEU MACHADO 155 J?QUEI CLUBE              FORTALEZA      CETESTE                                   990000002
9                                                                                                                                                                                                                                                                                                                                                                                                         000003
