01REMESSA01COBRANCA       00000000000000000000DIAGNOSTIC PRODUTOS E SERVIÇO033SANTANDER      2710170000000000000000                                                                                                                                                                                                                                                                                   000000001
102088525450001382937834057X34057X000000000000000000000000000000000000000 4000000                00000000000000000000111117000000003932803300000271017000000000000000111117000000000000000000000000000000204646367000138LABORATORIO SAO LUCAS                   AVENIDA AGUANAMBI 358 JOAQUIM TAVORA    JOAQUIM TAVO   FORTALEZA      CEDIAGNOSTIC PRODUTOS E SERVIÇO       10 000002
9000001000000003932800000000000000000000000000000000000000000000000000000000000000000000000000000000000000000000000000000000000000000000000000000000000000000000000000000000000000000000000000000000000000000000000000000000000000000000000000000000000000000000000000000000000000000000000000000000000000000000000000000000000000000000000000000000000000000000000000000000000000000000000000000000000000000003
