01REMESSA01COBRANCA       293780034057X      DIAGNOSTIC                    004B. DO NORDESTE 241017000                                                                                                                                                                                                                                                                                                   000001
1                293780034057X00    00000000000000000000000060000006000000000000000000000000000000        409000000000003111700000000000000000000 01N241017000000000000000000000000000000000000000000000000000000000000000207318125000103TC LABORATORIO DE ANALISES CLINICA LTDA AVENIDA ODILON AGUIAR 243 CENTRO                    61656160TAUA           CE                                        990000002
9                                                                                                                                                                                                                                                                                                                                                                                                         000003
