01REMESSA01COBRANCA       01820001588428      DIAGNOSTIC                    004B. DO NORDESTE 020417000                                                                                                                                                                                                                                                                                                   000001
1                0182000158842800    00000000000000000000000010000056000000000000000000000000000000        401000000000026041700000000703350000000 01N020417000500000000000000000000000000000000000000000000000000000000000207954571002239HOSPITAL DR CARLOS ALBERTO STUDART GOMESAV FREI CIRILO 3480 MESSEJANA                       4FORTALEZA      CETESTE                                   990000002
9                                                                                                                                                                                                                                                                                                                                                                                                         000003
