01REMESSA01COBRANCA       01820001588428      DIAGNOSTIC                    004B. DO NORDESTE 090317000                                                                                                                                                                                                                                                                                                   000001
1                0182000158842800    00000000000000000000000070000017800000000000000000000000000000        101000000000013041700000000863940000000 02S090317001500000000000000000000000000000000000000000000000000000000000207954571001429SECRETARIA DA SAUDE DO ESTADO DO CEARA  RUA AVILA GOLART 900 PAPICU                         1               TESTE                                   990000002
9                                                                                                                                                                                                                                                                                                                                                                                                         000003
