01REMESSA01COBRANCA       11110011112728      DIAGNOSTIC                    004B. DO NORDESTE 070317000                                                                                                                                                                                                                                                                                                   000001
1                1111001111272800    00000000000000000000000070000007800000000000000000000000000000        401000000000015031700000001108800000000 05S070317000500000000000000000000000000000000000000000000000000000000000263476519000160LABORATORIO CAC                         AVENIDA PADRE ANT?NIO TOM?S 2016 ALDEOTA            4               CETESTE                                   990000002
9                                                                                                                                                                                                                                                                                                                                                                                                         000003
