01REMESSA01COBRANCA       11110011112728      DIAGNOSTIC                    004B. DO NORDESTE 070317000                                                                                                                                                                                                                                                                                                   000001
1                1111001111272800    00000000000000000000000060000006000000000000000000000000000000        401000000000016031700000000419560000000 06N070317001200000000000000000000000000000000000000000000000000000000000207954571003553HOSPITAL SAO JOSE DE DOEN?AS INFECCIOSASRUA NESTOR BARBOSA 315 AMADEU FURTADO               1               CETESTE                                   990000002
9                                                                                                                                                                                                                                                                                                                                                                                                         000003
