01REMESSA01COBRANCA       11110011112728      DIAGNOSTIC                    004B. DO NORDESTE 070317000                                                                                                                                                                                                                                                                                                   000001
1                1111001111272800    00000000000000000000000010000001900000000000000000000000000000        401000000000010031700000017000000000000 01N070317001500000000000000000000000000000000000000000000000000000000000210175160000125FUNDO MUNICIPAL DE SAUDE DE IBIAPINA    RUA WENCESLAU SOARES SN CENTRO                      1               CETESTE                                   990000002
9                                                                                                                                                                                                                                                                                                                                                                                                         000003
