01REMESSA01COBRANCA       11110011112728      DIAGNOSTIC                    004B. DO NORDESTE 070317000                                                                                                                                                                                                                                                                                                   000001
1                1111001111272800    00000000000000000000000030000003500000000000000000000000000000        401000000000031031700000008606900000000 01S070317000800000000000000000000000000000000000000000000000000000000000210175160000125FUNDO MUNICIPAL DE SAUDE DE IBIAPINA    RUA WENCESLAU SOARES SN CENTRO                      1               CETESTE                                   990000002
9                                                                                                                                                                                                                                                                                                                                                                                                         000003
