01REMESSA01COBRANCA       11110011112728      DIAGNOSTIC                    004B. DO NORDESTE 070317000                                                                                                                                                                                                                                                                                                   000001
1                1111001111272800    00000000000000000000000020000002700000000000000000000000000000        101000000000024031700000010000000000000 03N070317001500000000000000000000000000000000000000000000000000000000000210175160000125FUNDO MUNICIPAL DE SAUDE DE IBIAPINA    RUA WENCESLAU SOARES SN CENTRO                      1               CETESTE                                   990000002
9                                                                                                                                                                                                                                                                                                                                                                                                         000003
