01REMESSA01COBRANCA       00000000000000000000DIAGNOSTIC PRODUTOS E SERVIÇO033SANTANDER      2710170000000000000000ASDASD                                                                                                                                                                                                                                                                             000000001
102088525450001382937834057X34057X000000000000000000000000800000008000000 4000000                0000000000409000000000026111700000000393280330000001N2710170000000000000000000261117000000000000000000000000000000204646367000138LABORATORIO SAO LUCAS                   AVENIDA AGUANAMBI 358 JOAQUIM TAVORA    JOAQUIM TAVO   FORTALEZA      CEDIAGNOSTIC PRODUTOS E SERVIÇO       10 000002
9000001000000003932800000000000000000000000000000000000000000000000000000000000000000000000000000000000000000000000000000000000000000000000000000000000000000000000000000000000000000000000000000000000000000000000000000000000000000000000000000000000000000000000000000000000000000000000000000000000000000000000000000000000000000000000000000000000000000000000000000000000000000000000000000000000000000003
