01REMESSA01COBRANCA       11110011112728      DIAGNOSTIC                    004B. DO NORDESTE 070317000                                                                                                                                                                                                                                                                                                   000001
1                1111001111272800    00000000000000000000000040000004300000000000000000000000000000        501000000000010031700000001427900000000 05N070317000500000000000000000000000000000000000000000000000000000000000204885197001388HOSPITAL DA MULHER                      AVENIDA LINEU MACHADO 155 J?QUEI CLUBE              FORTALEZA      CETESTE                                   990000002
9                                                                                                                                                                                                                                                                                                                                                                                                         000003
