01REMESSA01COBRANCA       11110011117777      DIAGNOSTIC                    004B. DO NORDESTE 250617000                                                                                                                                                                                                                                                                                                   000001
1                1111001111777700    00000000000000000000000130000013500000000000000000000000000000        409000000000031126900000000345580000000 01N250617000000000000000000000000000000000000000000000000000000000000000207318125000103TC LABORATORIO DE ANALISES CLINICA LTDA AVENIDA ODILON AGUIAR 243 CENTRO                    4TAUA           CE                                        990000002
9                                                                                                                                                                                                                                                                                                                                                                                                         000003
