01REMESSA01COBRANCA       01820001588428      DIAGNOSTIC                    004B. DO NORDESTE 090317000                                                                                                                                                                                                                                                                                                   000001
1                0182000158842800    00000000000000000000000010000010000000000000000000000000000000        401000000000031031700000001213880000000 01N090317001500000000000000000000000000000000000000000000000000000000000210175160000125FUNDO MUNICIPAL DE SAUDE DE IBIAPINA    RUA WENCESLAU SOARES SN CENTRO                      1               TESTE                                   990000002
9                                                                                                                                                                                                                                                                                                                                                                                                         000003
