01REMESSA01COBRANCA       01820001588428      DIAGNOSTIC                    004B. DO NORDESTE 090317000                                                                                                                                                                                                                                                                                                   000001
1                0182000158842800    00000000000000000000000060000015100000000000000000000000000000        501000000000030031700000000703350000000 19S090317000500000000000000000000000000000000000000000000000000000000000263476519000160LABORATORIO CAC                         AVENIDA PADRE ANT?NIO TOM?S 2016 ALDEOTA            4               TESTE                                   990000002
9                                                                                                                                                                                                                                                                                                                                                                                                         000003
