01REMESSA01COBRANCA       11110011117777      DIAGNOSTIC                    004B. DO NORDESTE 200517000                                                                                                                                                                                                                                                                                                   000001
1                1111001111777700    00000000000000000000000350000035100000000000000000000000000000        409000000000018061700000000493680000000 01N200517000000000000000000000000000000000000000000000000000000000000000207318125000103TC LABORATORIO DE ANALISES CLINICA LTDA AVENIDA ODILON AGUIAR 243 CENTRO                    4TAUA           CEFJGLDKJGLDKJGLDKFJGLKDJGLKDJGLKDFJGLDJFG990000002
9                                                                                                                                                                                                                                                                                                                                                                                                         000003
