01REMESSA01COBRANCA       01820001588428      DIAGNOSTIC                    004B. DO NORDESTE 090317000                                                                                                                                                                                                                                                                                                   000001
1                0182000158842800    00000000000000000000000030000012700000000000000000000000000000        101000000000025031700000000863940000000 05N090317001200000000000000000000000000000000000000000000000000000000000207954571002239HOSPITAL DR CARLOS ALBERTO STUDART GOMESAV FREI CIRILO 3480 MESSEJANA                       4FORTALEZA      CETESTE                                   990000002
9                                                                                                                                                                                                                                                                                                                                                                                                         000003
