01REMESSA01COBRANCA       11110011117777      DIAGNOSTIC                    004B. DO NORDESTE 130517000                                                                                                                                                                                                                                                                                                   000001
1                1111001111777700    00000000000000000000000090000009400000000000000000000000000000        401000000000020091700000002369660000000 01N130517001200000000000000000000000000000000000000000000000000000000000207318125000103TC LABORATORIO DE ANALISES CLINICA LTDA AVENIDA ODILON AGUIAR 243 CENTRO                    4TAUA           CE                                        990000002
9                                                                                                                                                                                                                                                                                                                                                                                                         000003
